<?xml version="1.0" encoding="UTF-8"?><collection xmlns="http://www.loc.gov/MARC21/slim"><record><leader>00492nam--2200157-i-4500</leader><controlfield tag="001">000030843</controlfield><controlfield tag="002">20161230</controlfield><controlfield tag="005">20170125143319</controlfield><controlfield tag="008">060222s1000------------r-----000-0-eng-d</controlfield><datafield ind1=" " ind2=" " tag="080"><subfield code="a">621.3</subfield></datafield><datafield ind1=" " ind2=" " tag="245"><subfield code="a">Materiale electrotehnice si tehnica tensiunilor inalte. Manual pt.scolile medii tehnice</subfield></datafield><datafield ind1=" " ind2=" " tag="260"><subfield code="a">Bucuresti</subfield><subfield code="b">Oped, Meiie</subfield><subfield code="c">1951</subfield></datafield><datafield ind1=" " ind2=" " tag="300"><subfield code="a">255 p.+ 1 Tab</subfield></datafield><datafield ind1=" " ind2=" " tag="490"><subfield code="a">Min.Energ.Electrice Si Min.Industriei Electrotehnice [Litografiat]</subfield></datafield><datafield ind1=" " ind2=" " tag="852"><subfield code="a">2361</subfield></datafield><datafield ind1=" " ind2=" " tag="CAT"><subfield code="a">SYS</subfield><subfield code="c">20170125</subfield><subfield code="h">143319</subfield></datafield></record></collection>